# Bibliography for Ryan K. Leadbetter's Thesis.
